@article{Kobayashi:1973fv,
      author         = "Kobayashi, Makoto and Maskawa, Toshihide",
      title          = "{$C\!P$-violation in the renormalizable theory of weak interaction}",
      journal        = "Prog. Theor. Phys.",
      volume         = "49",
      year           = "1973",
      pages          = "652-657",
      doi            = "10.1143/PTP.49.652",
      reportNumber   = "KUNS-242",
}

@article{Brod_2014,
    author = "Brod, Joachim and Zupan, Jure",
    title = "{The ultimate theoretical error on $\gamma$ from $B \to DK$ decays}",
    eprint = "1308.5663",
    archivePrefix = "arXiv",
    primaryClass = "hep-ph",
    doi = "10.1007/JHEP01(2014)051",
    journal = "JHEP",
    volume = "01",
    pages = "051",
    year = "2014"
}

@article{LHCb-PAPER-2021-033,
      author         = "Aaij, R. and others",
      title          = "{Simultaneous determination of CKM~angle~$\gamma$ and charm mixing parameters}",
      collaboration  = "LHCb collaboration",
      %report         = "{LHCb-PAPER-2021-033, CERN-EP-2021-183}",
      eprint         = "2110.02350",
      archivePrefix  = "arXiv",
      primaryClass   = "hep-ex",
      year           = "2021",
      journal        = "JHEP",
      volume         = "12",
      pages          = "141",
      doi            = "10.1007/JHEP12(2021)141",
}

@article{BondarPoluektov2008,
    author = "Bondar, A. and Poluektov, A.",
    title = "{The use of quantum-correlated $D^0$ decays for $\phi_3$ measurement}",
    eprint = "0801.0840",
    archivePrefix = "arXiv",
    primaryClass = "hep-ex",
    doi = "10.1140/epjc/s10052-008-0600-z",
    journal = "Eur. Phys. J.",
    volume = "C55",
    pages = "51",
    year = "2008"
}

@article{GiriGrossmanSofferZupan,
    author = "Giri, Anjan and Grossman, Yuval and Soffer, Abner and Zupan, Jure",
    title = "{Determining $\gamma$ using $B^\pm\to DK^\pm$ with multibody $D$ decays}",
    eprint = "hep-ph/0303187",
    archivePrefix = "arXiv",
    doi = "10.1103/PhysRevD.68.054018",
    journal = "Phys. Rev.",
    volume = "D68",
    pages = "054018",
    year = "2003"
}

@article{cite:RademackerWilkinson,
    title = "{Determining the unitarity triangle angle $\gamma$ with a four-body amplitude analysis of $B^\pm\to(K^+K^-\pi^+\pi^-)_DK^\pm$ decays}",
    author = "Rademacker, J. and Wilkinson, G.",
    eprint = "hep-ph/0611272",
    archivePrefix = "arXiv",
    doi = "10.1016/j.physletb.2007.01.071",
    journal = "Phys. Lett.",
    volume = "B647",
    pages = "400",
    year = "2007"
}

@article{LHCb-PAPER-2018-041,
      author         = "Aaij, R. and others",
      title          = "{Search for $C\!P$ violation through an amplitude analysis of $D^0\to K^+K^-\pi^+\pi^-$ decays}",
      collaboration  = "LHCb collaboration",
      %report         = "{LHCb-PAPER-2018-041 CERN-EP-2018-299}",
      eprint         = "1811.08304",
      archivePrefix  = "arXiv",
      primaryClass   = "hep-ex",
      year           = "2019",
      journal        = "JHEP",
      volume         = "02",
      pages          = "126",
      doi            = "10.1007/JHEP02(2019)126",
}

@article{HarnewS4pi,
    author = "Harnew, Samuel and Naik, Paras and Prouve, Claire and Rademacker, Jonas and Asner, David",
    title = "{Model-independent determination of the strong phase difference between $D^0$ and $\bar{D^0}\to\pi^+\pi^-\pi^+\pi^-$ amplitudes}",
    eprint = "1709.03467",
    archivePrefix = "arXiv",
    primaryClass = "hep-ex",
    doi = "10.1007/JHEP01(2018)144",
    journal = "JHEP",
    volume = "01",
    pages = "144",
    year = "2018"
}

@article{cite:pipipi0_CPfraction,
    title = "{First determination of the $C\!P$ content of $D\to\pi^+\pi^-\pi^+\pi^-$ and updated determination of the $C\!P$ contents of $D\to\pi^+\pi^-\pi^0$ and $D\to K^+K^-\pi^0$}",
    author = "Malde, S. and Thomas, C. and Wilkinson, G. and Naik, P. and Prouve, C. and Rademacker, J. and Libby, J. and Nayak, M. and Gershon, T. and Briere, R. A.",
    eprint = "1504.05878",
    archivePrefix = "arXiv",
    primaryClass = "hep-ex",
    doi = "10.1016/j.physletb.2015.05.043",
    journal = "Phys. Lett. B",
    volume = "747",
    pages = "9",
    year = "2015"
}

@article{cite:KSpipiStrongPhase,
    title="{Model-independent determination of the relative strong-phase difference between $D^0$ and $\bar{D^0}\to K_{S, L}\pi^+\pi^-$ and its impact on the measurement of the CKM angle $\gamma$/$\phi_3$}",
    author = "Ablikim, M. and others",
    collaboration = "BESIII collaboration",
    eprint = "2003.00091",
    archivePrefix = "arXiv",
    primaryClass = "hep-ex",
    doi = "10.1103/PhysRevD.101.112002",
    journal = "Phys. Rev. D",
    volume = "101",
    number = "11",
    pages = "112002",
    year = "2020"
}

@article{LHCb-PAPER-2020-019,
      author         = "Aaij, R. and others",
      title          = "{Measurement of the CKM angle $\gamma$ in $B^\pm\to DK^\pm$ and $B^\pm\to D\pi^\pm$ decays with $D\to K^0_S h^+h^-$}",
      collaboration  = "LHCb collaboration",
      %report         = "{LHCb-PAPER-2020-019,CERN-EP-2020-175}",
      eprint         = "2010.08483",
      archivePrefix  = "arXiv",
      primaryClass   = "hep-ex",
      year           = "2021",
      journal        = "JHEP",
      volume         = "02",
      pages          = "0169",
      doi            = "10.1007/JHEP02(2021)169",
}

@article{Ablikim:2009aa,
    author = "Ablikim, M. and others",
    collaboration = "BESIII collaboration",
    title = "{Design and construction of the BESIII detector}",
    eprint = "0911.4960",
    archivePrefix = "arXiv",
    primaryClass = "physics.ins-det",
    doi = "10.1016/j.nima.2009.12.050",
    journal = "Nucl. Instrum. Meth. A",
    volume = "614",
    pages = "345",
    year = "2010"
}

@article{cite:BESIIIWhitePaper,
    author = "Ablikim, M. and others",
    collaboration = "BESIII",
    title = "{Future Physics Programme of BESIII}",
    eprint = "1912.05983",
    archivePrefix = "arXiv",
    primaryClass = "hep-ex",
    reportNumber = "HEP-Physics-Report-BESIII-2019-12-13",
    doi = "10.1088/1674-1137/44/4/040001",
    journal = "Chin. Phys. C",
    volume = "44",
    number = "4",
    pages = "040001",
    year = "2020"
}

@article{KalmanFit_cite,
    author = "Hulsbergen, Wouter D.",
    title = "{Decay chain fitting with a Kalman filter}",
    eprint = "physics/0503191",
    archivePrefix = "arXiv",
    doi = "10.1016/j.nima.2005.06.078",
    journal = "Nucl. Instrum. Meth. A",
    volume = "552",
    pages = "566",
    year = "2005"
}

@article{cite:deltaKpi,
    author = "Ablikim, M. and others",
    collaboration = "BESIII",
    title = "{Improved measurement of the strong-phase difference $\delta _D^{K\pi }$ in quantum-correlated $D{\bar{D}}$ decays}",
    eprint = "2208.09402",
    archivePrefix = "arXiv",
    primaryClass = "hep-ex",
    doi = "10.1140/epjc/s10052-022-10872-2",
    journal = "Eur. Phys. J. C",
    volume = "82",
    number = "11",
    pages = "1009",
    year = "2022"
}

@article{pdg,
    author = {Workman, R L and others},
    title = "{Review of particle physics}",
    journal = {PTEP},
    volume = {2022},
    number = {8},
    year = {2022},
    month = {08},
    doi = {10.1093/ptep/ptac097},
    pages = {083C01},
    collaboration = {Particle Data Group}
}

@article{LHCb-DP-2008-001,
      author         = "Alves~Jr., A. A. and others",
      title          = "{The LHCb detector at the LHC}",
      collaboration  = "LHCb collaboration",
      journal        = "JINST",
      volume         = "3",
      pages          = "S08005",
      doi            = "10.1088/1748-0221/3/08/S08005",
      year           = "2008",
      number         = "LHCb-DP-2008-001",
}

@article{CLEO_KKpipi_cisi,
    title = "{Amplitude analyses of $D^0\to\pi^+\pi^-\pi^+\pi^-$ and $D^0\to K^+K^-\pi^+\pi^-$ decays}",
    author = "d'Argent, Philippe and Skidmore, Nicola and Benton, Jack and Dalseno, Jeremy and Gersabeck, Evelina and Harnew, Sam and Naik, Paras and Prouve, Claire and Rademacker, Jonas",
    eprint = "1703.08505",
    archivePrefix = "arXiv",
    primaryClass = "hep-ex",
    doi = "10.1007/JHEP05(2017)143",
    journal = "JHEP",
    volume = "05",
    pages = "143",
    year = "2017"
}